@article{bholat2015text,
  title={Text mining for central banks},
  author={Bholat, David and Hansen, Stephen and Santos, Pedro and Schonhardt-Bailey, Cheryl},
  journal={Available at SSRN 2624811},
  year={2015}
}

@article{kullback1951information,
  title={On information and sufficiency},
  author={Kullback, Solomon and Leibler, Richard A},
  journal={The annals of mathematical statistics},
  volume={22},
  number={1},
  pages={79--86},
  year={1951},
  publisher={JSTOR}
}

@misc{web2019,
  title = {O fluxo do web scraping},
  author={Curso-R},
  year={2018},
  howpublished = {\url{https://www.curso-r.com/blog/2018-02-18-fluxo-scraping/}},
  note = {Acesso: 01/09/2019}
}

@article{costa2016ensaios,
  title={Big Data, Machine Learning e Text Mining em Economia: Estudos Recentes e An{\'a}lise de Sentimento do BACEN},
  author={Costa, Hudson Chaves},
  year={2016}
}

@book{wooldridge2006introduccao,
  title={Introdu{\c{c}}{\~a}o {\`a} econometria: uma abordagem moderna},
  author={Wooldridge, Jeffrey M},
  year={2006},
  publisher={Pioneira Thomson Learning}
}

@book{gujarati2011econometria,
  title={Econometria B{\'a}sica},
  author={Gujarati, Damodar N and Porter, Dawn C},
  year={2011},
  publisher={Amgh Editora}
}

@article{burnham2002practical,
  title={A practical information-theoretic approach},
  author={Burnham, Kenneth P and Anderson, Davfd R},
  journal={Model selection and multimodel inference, 2nd ed. Springer, New York},
  year={2002}
}

@article{nyman2018news,
  title={News and narratives in financial systems: exploiting big data for systemic risk assessment},
  author={Nyman, Rickard and Kapadia, Sujit and Tuckett, David and Gregory, David and Ormerod, Paul and Smith, Robert},
  year={2018},
  publisher={Bank of England Working Paper}
}


@book{konishi2008information,
  title={Information criteria and statistical modeling},
  author={Konishi, Sadanori and Kitagawa, Genshiro},
  year={2008},
  publisher={Springer Science \& Business Media}
}

@misc{web2019utilidade,
  title = {Â¿Qu{\' e} utilidad tiene el Web Scraping?},
  author={SEMSEO},
  year={2017},
  howpublished = {\url{https://blog.semseoymas.com/que-utilidad-tiene-el-web-scraping-175.htm}},
  note = {Acesso: 15/09/2019}
}

  @Manual{qdapdict,
    title = {{qdapDictionaries}: Dictionaries to Accompany the qdap
      Package},
    author = {Tyler W. Rinker},
    organization = {University at Buffalo/SUNY},
    address = {Buffalo, New York},
    note = {1.0.7},
    year = {2013},
    url = {http://github.com/trinker/qdapDictionaries},
  }

@inproceedings{hu2004mining,
  title={Mining opinion features in customer reviews},
  author={Hu, Minqing and Liu, Bing},
  booktitle={AAAI},
  volume={4},
  number={4},
  pages={755--760},
  year={2004}
}



@Article{tidystop,
    title = {tidytext: Text Mining and Analysis Using Tidy Data
      Principles in R},
    author = {Julia Silge and David Robinson},
    doi = {10.21105/joss.00037},
    url = {http://dx.doi.org/10.21105/joss.00037},
    year = {2016},
    publisher = {The Open Journal},
    volume = {1},
    number = {3},
    journal = {JOSS},
}

@Manual{cran,
     title = {R: A Language and Environment for Statistical Computing},
     author = {{R Core Team}},
     organization = {R Foundation for Statistical Computing},
     address = {Vienna, Austria},
     year = {2019},
     url = {http://www.R-project.org/},
   }

@Manual{rvest,
    title = {rvest: Easily Harvest (Scrape) Web Pages},
    author = {Hadley Wickham},
    year = {2019},
    note = {R package version 0.3.4},
    url = {https://CRAN.R-project.org/package=rvest},
  }
  
@Article{tm,
    title = {Text Mining Infrastructure in R},
    author = {Ingo Feinerer and Kurt Hornik and David Meyer},
    year = {2008},
    journal = {Journal of Statistical Software},
    volume = {25},
    number = {5},
    pages = {1--54},
    url = {http://www.jstatsoft.org/v25/i05/},
    month = {March},
  }
  
@book{verbeek2008guide,
  title={A guide to modern econometrics},
  author={Verbeek, Marno},
  year={2008},
  publisher={John Wiley \& Sons}
}

@article{mclaren2011using,
  title={Using internet search data as economic indicators},
  author={McLaren, Nick and Shanbhogue, Rachana},
  journal={Bank of England Quarterly Bulletin},
  number={2011},
  pages={Q2},
  year={2011}
}

@inproceedings{kim2004determining,
  title={Determining the sentiment of opinions},
  author={Kim, Soo-Min and Hovy, Eduard},
  booktitle={Proceedings of the 20th international conference on Computational Linguistics},
  pages={1367},
  year={2004},
  organization={Association for Computational Linguistics}
}

@inproceedings{shapiro2018measuring,
  title={Measuring news sentiment},
  author={Shapiro, Adam Hale and Sudhof, Moritz and Wilson, Daniel},
  year={2018},
  organization={Federal Reserve Bank of San Francisco},
  mont={6}
}

@article{jorda2005estimation,
  title={Estimation and inference of impulse responses by local projections},
  author={Jord{\`a}, {\`O}scar},
  journal={American economic review},
  volume={95},
  number={1},
  pages={161--182},
  year={2005}
}

@article{barsky2012information,
  title={Information, animal spirits, and the meaning of innovations in consumer confidence},
  author={Barsky, Robert B and Sims, Eric R},
  journal={American Economic Review},
  volume={102},
  number={4},
  pages={1343--77},
  year={2012}
}

@inproceedings{shapiro2019taking,
  title={Taking the Fed at its Word: Direct Estimation of Central Bank Objectives using Text Analytics},
  author={Shapiro, Adam Hale and Wilson, Daniel},
  year={2019},
  organization={Federal Reserve Bank of San Francisco}
}

@book{walsh2017monetary,
  title={Monetary theory and policy},
  author={Walsh, Carl E},
  year={2017},
  publisher={MIT press}
}

@article{blinder1997distinguished,
  title={Distinguished Lecture on Economics in Government: What Central Bankers could learn from academics--and vice versa},
  author={Blinder, Alan S},
  journal={Journal of Economic perspectives},
  volume={11},
  number={2},
  pages={3--19},
  year={1997}
}

@article{loughran2011liability,
  title={When is a liability not a liability? Textual analysis, dictionaries, and 10-Ks},
  author={Loughran, Tim and McDonald, Bill},
  journal={The Journal of Finance},
  volume={66},
  number={1},
  pages={35--65},
  year={2011},
  publisher={Wiley Online Library}
}

@article{thornton2011does,
  title={What does the change in the FOMC's statement of objectives mean?},
  author={Thornton, Daniel L},
  journal={Economic Synopses},
  volume={2011},
  number={2011-01-01},
  year={2011},
  publisher={Federal Reserve Bank of St. Louis}
}

@article{barro1983rules,
  title={Rules, discretion and reputation in a model of monetary policy},
  author={Barro, Robert J and Gordon, David B},
  journal={Journal of monetary economics},
  volume={12},
  number={1},
  pages={101--121},
  year={1983},
  publisher={Elsevier}
}

@article{var2012bcb,
    title={Modelos Auto-Regressivos},
    author={{Banco Central do Brasil}},
    publisher={Relat{\'o}rio de infla{\c c}{\~a}o},
    year={2004},
    month={junho}
}

@article{sims1980macroeconomics,
  title={Macroeconomics and reality},
  author={Sims, Christopher A},
  journal={Econometrica: journal of the Econometric Society},
  pages={1--48},
  year={1980},
  publisher={JSTOR}
}

@book{enders2008applied,
  title={Applied econometric time series},
  author={Enders, Walter},
  year={2008},
  publisher={John Wiley \& Sons}
}

@article{pfaff2008var,
  title={VAR, SVAR and SVEC models: Implementation within R package vars},
  author={Pfaff, Bernhard and others},
  journal={Journal of Statistical Software},
  volume={27},
  number={4},
  pages={1--32},
  year={2008}
}







